@article{ko2009phase,
  title={Phase-response curves of coupled oscillators},
  author={Ko, Tae-Wook and Ermentrout, G Bard},
  journal={Physical Review E},
  volume={79},
  number={1},
  pages={016211},
  year={2009},
  publisher={APS}
}


@article{holt2016phasic,
  title={Phasic burst stimulation: a closed-loop approach to tuning deep brain stimulation parameters for Parkinson's disease},
  author={Holt, Abbey B and Wilson, Dan and Shinn, Max and Moehlis, Jeff and Netoff, Theoden I},
  journal={PLoS computational biology},
  volume={12},
  number={7},
  year={2016},
  publisher={Public Library of Science}
}


@article{holt2015closed,
  title={Closed-loop approach to tuning deep brain stimulation parameters for Parkinson's disease},
  author={Holt, Abbey B and Shinn, Max and Netoff, Theoden I},
  journal={BMC neuroscience},
  volume={16},
  number={1},
  pages={F2},
  year={2015},
  publisher={BioMed Central}
}


@article{asllani2018minimally,
  title={A minimally invasive neurostimulation method for controlling abnormal synchronisation in the neuronal activity},
  author={Asllani, Malbor and Expert, Paul and Carletti, Timoteo},
  journal={PLoS computational biology},
  volume={14},
  number={7},
  pages={e1006296},
  year={2018},
  publisher={Public Library of Science}
}

@article{holt2019phase,
  title={Phase-dependent suppression of beta oscillations in Parkinson's disease patients},
  author={Holt, Abbey B and Kormann, Eszter and Gulberti, Alessandro and P{\"o}tter-Nerger, Monika and McNamara, Colin G and Cagnan, Hayriye and Baaske, Magdalena K and Little, Simon and K{\"o}ppen, Johannes A and Buhmann, Carsten and others},
  journal={Journal of Neuroscience},
  volume={39},
  number={6},
  pages={1119--1134},
  year={2019},
  publisher={Soc Neuroscience}
}

@article{weerasinghe2019predicting,
  title={Predicting the effects of deep brain stimulation using a reduced coupled oscillator model},
  author={Weerasinghe, Gihan and Duchet, Benoit and Cagnan, Hayriye and Brown, Peter and Bick, Christian and Bogacz, Rafal},
  journal={PLoS computational biology},
  volume={15},
  number={8},
  pages={e1006575},
  year={2019},
  publisher={Public Library of Science}
}
